@article{vaswani2017attention,
  title={Attention is All You Need},
  author={Vaswani, Ashish and Shazeer, Noam and Parmar, Niki and others},
  journal={Advances in Neural Information Processing Systems},
  year={2017},
  url={https://arxiv.org/abs/1706.03762}
}

@misc{NUS_Dataset,
  author = {Prof. Hwee Tou Ng,  Prof. Siew Mei Wu},
  title = {NUS Social Media Text Normalization and Translation Corpus},
  year = {2009},
  url = {https://www.comp.nus.edu.sg/~nlp/corpora.html},
  note = {Accessed: 2025-07-14}
}
@inproceedings{t5-raffel2020exploring,
  title={Exploring the Limits of Transfer Learning with a Unified Text-to-Text Transformer},
  author={Raffel, Colin and Shazeer, Noam and Roberts, Adam and Lee, Katherine and Narang, Sharan and Matena, Michael and Zhou, Yanqi and Li, Wei and Liu, Peter J.},
  booktitle={Journal of Machine Learning Research},
  volume={21},
  pages={1--67},
  year={2020}
}